<?xml version="1.0" encoding="UTF-8"?>
<SOAP-ENV:Envelope xmlns:SOAP-ENV="http://schemas.xmlsoap.org/soap/envelope/" xmlns:of="http://oss.dbc.dk/ns/openformat" xmlns:ofo="http://oss.dbc.dk/ns/openformatoutput"><SOAP-ENV:Body><of:formatResponse><marc21><mx:record xmlns:mx="http://www.loc.gov/MARC21/slim" format="MARC21" type="Bibliographic"><mx:leader>00000ngm a22000000c 4500</mx:leader><mx:controlfield tag="007">vd||s||||</mx:controlfield><mx:controlfield tag="008">120509s2012    dk ||||| |||| ||||||mul|d</mx:controlfield><mx:datafield ind1="8" ind2=" " tag="024"><mx:subfield code="a">5704028522968</mx:subfield></mx:datafield><mx:datafield ind1="1" ind2=" " tag="029"><mx:subfield code="a">DKDLA</mx:subfield><mx:subfield code="b">870970-basis:29371156</mx:subfield></mx:datafield><mx:datafield ind1=" " ind2=" " tag="040"><mx:subfield code="a">DKDLA</mx:subfield><mx:subfield code="b">dan</mx:subfield><mx:subfield code="c">DKDLA</mx:subfield></mx:datafield><mx:datafield ind1="1" ind2=" " tag="041"><mx:subfield code="a">eng</mx:subfield><mx:subfield code="a">spa</mx:subfield><mx:subfield code="a">fre</mx:subfield><mx:subfield code="a">ger</mx:subfield><mx:subfield code="a">por</mx:subfield><mx:subfield code="a">rus</mx:subfield><mx:subfield code="a">cze</mx:subfield><mx:subfield code="a">hun</mx:subfield><mx:subfield code="a">tha</mx:subfield><mx:subfield code="a">tur</mx:subfield><mx:subfield code="a">ukr</mx:subfield><mx:subfield code="j">dan</mx:subfield><mx:subfield code="j">dut</mx:subfield><mx:subfield code="j">fin</mx:subfield><mx:subfield code="j">ger</mx:subfield><mx:subfield code="j">nor</mx:subfield><mx:subfield code="j">por</mx:subfield><mx:subfield code="j">rus</mx:subfield><mx:subfield code="j">swe</mx:subfield><mx:subfield code="j">scr</mx:subfield><mx:subfield code="j">cze</mx:subfield><mx:subfield code="j">est</mx:subfield><mx:subfield code="j">hun</mx:subfield><mx:subfield code="j">ind</mx:subfield><mx:subfield code="j">kor</mx:subfield><mx:subfield code="j">lav</mx:subfield><mx:subfield code="j">lit</mx:subfield><mx:subfield code="j">slv</mx:subfield><mx:subfield code="j">tur</mx:subfield><mx:subfield code="j">ukr</mx:subfield><mx:subfield code="j">spa</mx:subfield><mx:subfield code="j">fre</mx:subfield><mx:subfield code="j">tha</mx:subfield><mx:subfield code="j">vie</mx:subfield><mx:subfield code="j">may</mx:subfield><mx:subfield code="j">ara</mx:subfield><mx:subfield code="j">chi</mx:subfield></mx:datafield><mx:datafield ind1=" " ind2=" " tag="084"><mx:subfield code="a">77.7</mx:subfield><mx:subfield code="2">z</mx:subfield></mx:datafield><mx:datafield ind1="1" ind2="0" tag="245"><mx:subfield code="a">In time</mx:subfield><mx:subfield code="h">[videooptagelse]/</mx:subfield><mx:subfield code="c">written, produced and directed by Andrew Niccol ; director of photography Roger Deakins ; produced by Eric Newman, Marc Abraham</mx:subfield></mx:datafield><mx:datafield ind1=" " ind2=" " tag="260"><mx:subfield code="a">[Kbh.] :</mx:subfield><mx:subfield code="b">SF Film,</mx:subfield><mx:subfield code="c">2012</mx:subfield></mx:datafield><mx:datafield ind1=" " ind2=" " tag="300"><mx:subfield code="a">1 blu-ray disc</mx:subfield><mx:subfield code="a">1 dvd-video (blu-ray) (ca. 109 min.)</mx:subfield></mx:datafield><mx:datafield ind1="1" ind2=" " tag="700"><mx:subfield code="a">Niccol, Andrew</mx:subfield></mx:datafield><mx:datafield ind1="1" ind2=" " tag="700"><mx:subfield code="a">Deakins, Roger</mx:subfield></mx:datafield><mx:datafield ind1=" " ind2=" " tag="901"><mx:subfield code="a">791</mx:subfield></mx:datafield></mx:record><hs activity="insert">DKDLA</hs><hs activity="insert">DKB</hs></marc21></of:formatResponse></SOAP-ENV:Body></SOAP-ENV:Envelope>
